<?xml version="1.0" encoding="UTF-8"?><collection xmlns="http://www.loc.gov/MARC21/slim"><record><leader>00519nam--2200181-i-4500</leader><controlfield tag="001">000006105</controlfield><controlfield tag="002">20161230</controlfield><controlfield tag="005">20161230201026</controlfield><controlfield tag="008">060222s1000------------r-----000-0-fre-d</controlfield><datafield ind1=" " ind2=" " tag="040"><subfield code="a">IFIN-HH</subfield></datafield><datafield ind1=" " ind2=" " tag="041"><subfield code="a">fre</subfield></datafield><datafield ind1=" " ind2=" " tag="080"><subfield code="a">539.1.073.7</subfield></datafield><datafield ind1="1" ind2=" " tag="100"><subfield code="a">Demers, Pierre</subfield></datafield><datafield ind1="1" ind2="0" tag="245"><subfield code="a">Ionographie. les emulsions nucleaires. principes et applications</subfield><subfield code="c">Pierre demers</subfield></datafield><datafield ind1=" " ind2=" " tag="260"><subfield code="a">/Ottawa</subfield><subfield code="b">Les Presses Universitaires De Montreal</subfield><subfield code="c">1958</subfield></datafield><datafield ind1=" " ind2=" " tag="300"><subfield code="a">835P.+ 15PL</subfield></datafield><datafield ind1=" " ind2=" " tag="852"><subfield code="a">13483</subfield><subfield code="c">539.1.073.7</subfield></datafield><datafield ind1=" " ind2=" " tag="CAT"><subfield code="a">Sys</subfield><subfield code="c">20111102</subfield><subfield code="h">161353</subfield></datafield></record></collection>